@software{waffle,
  author = {{CA Technologies}},
  title = {Waffle - Developer-first Project Management for Teams on GitHub},
  url = {waffle.io},
}

@software{log4j2,
	author = {The Apache Software Foundation},
	title = {Log4j2 - Java Logging Framework},
	url = {logging.apache.org/log4j/2.x}
}

@software{sentry,
	author = {Functional Software, Inc.},
	title = {Sentry - Error Tracking Software},
	url = {sentry.io}
}

@software{sigfx,
	author = {SignalFx},
	title = {SignalFx: Cloud Monitoring for the Enterprise},
	url = {signalfx.com}
}

@article{java9Million,
  title={JavaOne 2013 Review: Java Takes on the Internet of Things},
  author={Timothy Beneke and Tori Wieldt},
  year={2013},
  note={www.oracle.com/technetwork/articles/java/afterglow2013-2030343.html}
}

@online{javaExecutor,
  title={Java 8 Executor Documentation},
  author={Oracle},
  note={docs.oracle.com/javase/8/docs/api/java/util/concurrent/Executor.html}
}

@online{javaForkJoinPool,
  title={Java 8 ForkJoinPool Documentation},
  author={Oracle},
  note={docs.oracle.com/javase/8/docs/api/java/util/concurrent/ForkJoinPool.html}
}

@online{javaCfArticle,
  title={Java 8 Definitive Guide to CompletableFuture},
  author={Tomasz Nurkiewicz},
  date={9th May 2013},
  note={www.nurkiewicz.com/2013/05/java-8-definitive-guide-to.html}
}

@software{guice,
  title={Google's Guice Dependency Injection Framework},
  author={Google},
  note={github.com/google/guice}
}

@online{guiceDocs,
  title={Google's Guice Dependency Injection Framework Docs},
  author={Google},
  note={github.com/google/guice/wiki/Motivation}
}

@online{factoryMethodPattern,
  title={Factory Method Pattern Wiki Post},
  author={Wikipedia},
  note={en.wikipedia.org/wiki/Factory{\_}method{\_}pattern}
}

@software{immutablesJava,
  title={Immutables Java Project Homepage},
  author={Open Source Project under Apache License 2.0},
  note={immutables.github.io/}
}

@software{kafka,
  title={Apache Kafka Homepage},
  author={Apache Software Foundation},
  note={kafka.apache.org}
}

@online{highlyCompositeNumbers,
  title={"Highly Composite Number." From MathWorld--A Wolfram Web Resource},
  author={Weisstein, Eric W},
  note={http://mathworld.wolfram.com/HighlyCompositeNumber.html}
}

